@inproceedings{shin2017d,
  title={D-cube: Dense-block detection in terabyte-scale tensors},
  author={Shin, Kijung and Hooi, Bryan and Kim, Jisu and Faloutsos, Christos},
  booktitle={Proceedings of the Tenth ACM International Conference on Web Search and Data Mining},
  pages={681--689},
  year={2017},
  organization={ACM}
}