@inproceedings{hooi2016fraudar,
  title={Fraudar: Bounding graph fraud in the face of camouflage},
  author={Hooi, Bryan and Song, Hyun Ah and Beutel, Alex and Shah, Neil and Shin, Kijung and Faloutsos, Christos},
  booktitle={Proceedings of the 22nd ACM SIGKDD International Conference on Knowledge Discovery and Data Mining},
  pages={895--904},
  year={2016},
  organization={ACM}
}

@inproceedings{shin2017d,
  title={D-cube: Dense-block detection in terabyte-scale tensors},
  author={Shin, Kijung and Hooi, Bryan and Kim, Jisu and Faloutsos, Christos},
  booktitle={Proceedings of the Tenth ACM International Conference on Web Search and Data Mining},
  pages={681--689},
  year={2017},
  organization={ACM}
}

@inproceedings{jiang2015general,
  title={A general suspiciousness metric for dense blocks in multimodal data},
  author={Jiang, Meng and Beutel, Alex and Cui, Peng and Hooi, Bryan and Yang, Shiqiang and Faloutsos, Christos},
  booktitle={Data Mining (ICDM), 2015 IEEE International Conference on},
  pages={781--786},
  year={2015},
  organization={IEEE}
}